@misc{Apple,
  key = {apple},
  title = {Apple},
  note = {\url{https://developer.apple.com/documentation/}}
}

@misc{AndroidStudio,
  key = {androidstudio},
  title = {AndroidStudio},
  note = {\url{https://developer.android.com/docs/}}
}

@misc{OpenClassroom,
  key = {openclassroom},
  title = {OpenClassroom},
  note = {\url{https://openclassrooms.com}}
}

@misc{Youtube,
  key = {youtube},
  title = {Youtube},
  note = {\url{https://www.youtube.com}}
}

@misc{RayWenderlich,
  key = {raywenderlich},
  title = {RayWenderlich},
  note = {\url{https://www.raywenderlich.com}}
}

@misc{Icons8,
  key = {icons8},
  title = {Icons8},
  note = {\url{https://icons8.com}}
}

@misc{Zapsplat,
  key = {zapsplat},
  title = {Zapsplat},
  note = {\url{https://www.zapsplat.com}}
}




